<?xml version="1.0" encoding="UTF-8"?><record xmlns="http://www.loc.gov/MARC21/slim" xmlns:cinclude="http://apache.org/cocoon/include/1.0" xmlns:zs="http://www.loc.gov/zing/srw/">
  <leader>00632nz  a2200169n  4500</leader>
  <controlfield tag="001">n 2015057753</controlfield>
  <controlfield tag="003">DLC</controlfield>
  <controlfield tag="005">20150924162239.0</controlfield>
  <controlfield tag="008">150924n| azannaabn          |n aaa      </controlfield>
  <datafield tag="010" ind1=" " ind2=" ">
    <subfield code="a">n 2015057753</subfield>
  </datafield>
  <datafield tag="040" ind1=" " ind2=" ">
    <subfield code="a">DLC</subfield>
    <subfield code="b">eng</subfield>
    <subfield code="c">DLC</subfield>
    <subfield code="e">rda</subfield>
  </datafield>
  <datafield tag="100" ind1="1" ind2=" ">
    <subfield code="a">Amstutz, Jeremias</subfield>
  </datafield>
  <datafield tag="370" ind1=" " ind2=" ">
    <subfield code="c">Switzerland</subfield>
  </datafield>
  <datafield tag="373" ind1=" " ind2=" ">
    <subfield code="a">Fachhochschule Nordwestschweiz</subfield>
    <subfield code="2">naf</subfield>
  </datafield>
  <datafield tag="375" ind1=" " ind2=" ">
    <subfield code="a">male</subfield>
  </datafield>
  <datafield tag="377" ind1=" " ind2=" ">
    <subfield code="a">ger</subfield>
  </datafield>
  <datafield tag="670" ind1=" " ind2=" ">
    <subfield code="a">Soziale Versorgung zukunftsfaĚhig gestalten, 2015:</subfield>
    <subfield code="b">t.p. (Jeremias Amstutz) p. 455 (M.A.; wissenschaftlicher Mitarbeiter am Institut Beratung, Coaching und Sozialmanagement der Hochschule fuĚr Soziale Arbeit, Fachhochschule Nordwestschweiz FHNW)</subfield>
  </datafield>
</record>